<?xml version="1.0" encoding="UTF-8"?><collection xmlns="http://www.loc.gov/MARC21/slim"><record><leader>00511nam--2200181-i-4500</leader><controlfield tag="001">000039213</controlfield><controlfield tag="002">20161230</controlfield><controlfield tag="005">20161230201042</controlfield><controlfield tag="008">060222s1000------------r-----000-0-eng-d</controlfield><datafield ind1=" " ind2=" " tag="040"><subfield code="a">IFIN-HH</subfield></datafield><datafield ind1=" " ind2=" " tag="080"><subfield code="a">535.31</subfield></datafield><datafield ind1="1" ind2=" " tag="100"><subfield code="a">Robertson, John K</subfield></datafield><datafield ind1="1" ind2="0" tag="245"><subfield code="a">Inroduction to optics</subfield><subfield code="b">Geometrical and physical</subfield><subfield code="c">John k. robertson</subfield></datafield><datafield ind1=" " ind2=" " tag="250"><subfield code="a">Fourth Edition, Second Printing</subfield></datafield><datafield ind1=" " ind2=" " tag="260"><subfield code="a">LONDON</subfield><subfield code="b">D. Van Nostrand Company, Inc</subfield><subfield code="c">1955</subfield></datafield><datafield ind1=" " ind2=" " tag="300"><subfield code="a">XV + 416P</subfield></datafield><datafield ind1=" " ind2=" " tag="852"><subfield code="a">10888</subfield><subfield code="c">535</subfield></datafield><datafield ind1=" " ind2=" " tag="CAT"><subfield code="a">Sys</subfield><subfield code="c">20101018</subfield><subfield code="h">140912</subfield></datafield></record></collection>